[gd_scene load_steps=14 format=2]

[ext_resource path="res://Pong/paddle.gd" type="Script" id=1]
[ext_resource path="res://Pong/left_pallete.png" type="Texture" id=2]
[ext_resource path="res://Pong/right_pallete.png" type="Texture" id=3]
[ext_resource path="res://Pong/ball.gd" type="Script" id=4]
[ext_resource path="res://Pong/ball.png" type="Texture" id=5]
[ext_resource path="res://Pong/separator.png" type="Texture" id=6]
[ext_resource path="res://Pong/wall.gd" type="Script" id=7]
[ext_resource path="res://Pong/ceiling_floor.gd" type="Script" id=8]
[ext_resource path="res://Pong/Button/button.tscn" type="PackedScene" id=9]

[sub_resource type="RectangleShape2D" id=1]
extents = Vector2( 4, 16 )

[sub_resource type="RectangleShape2D" id=2]
extents = Vector2( 4, 4 )

[sub_resource type="RectangleShape2D" id=3]
extents = Vector2( 10, 200 )

[sub_resource type="RectangleShape2D" id=4]
extents = Vector2( 320, 10 )

[node name="game" type="Node2D"]
position = Vector2( 320, 200 )

[node name="left" type="Area2D" parent="."]
position = Vector2( -252, 0 )
script = ExtResource( 1 )

[node name="sprite" type="Sprite" parent="left"]
texture = ExtResource( 2 )

[node name="collision" type="CollisionShape2D" parent="left"]
shape = SubResource( 1 )

[node name="right" type="Area2D" parent="."]
position = Vector2( 252, 0 )
script = ExtResource( 1 )
ball_dir = -1.0

[node name="sprite" type="Sprite" parent="right"]
texture = ExtResource( 3 )

[node name="collision" type="CollisionShape2D" parent="right"]
shape = SubResource( 1 )

[node name="ball" type="Area2D" parent="."]
script = ExtResource( 4 )

[node name="sprite" type="Sprite" parent="ball"]
texture = ExtResource( 5 )

[node name="collision" type="CollisionShape2D" parent="ball"]
shape = SubResource( 2 )

[node name="separator" type="Sprite" parent="."]
texture = ExtResource( 6 )

[node name="left_wall" type="Area2D" parent="."]
position = Vector2( -330, 0 )
script = ExtResource( 7 )

[node name="collision" type="CollisionShape2D" parent="left_wall"]
shape = SubResource( 3 )

[node name="right_wall" type="Area2D" parent="."]
position = Vector2( 330, 0 )
script = ExtResource( 7 )

[node name="collision" type="CollisionShape2D" parent="right_wall"]
shape = SubResource( 3 )

[node name="ceiling" type="Area2D" parent="."]
position = Vector2( 0, -210 )
script = ExtResource( 8 )

[node name="collision" type="CollisionShape2D" parent="ceiling"]
shape = SubResource( 4 )

[node name="floor" type="Area2D" parent="."]
position = Vector2( 0, 210 )
script = ExtResource( 8 )
y_direction = -1

[node name="collision" type="CollisionShape2D" parent="floor"]
shape = SubResource( 4 )

[node name="Buttons" type="Node2D" parent="."]

[node name="left_move_up" parent="Buttons" instance=ExtResource( 9 )]
position = Vector2( -160, -100 )

[node name="left_move_down" parent="Buttons" instance=ExtResource( 9 )]
position = Vector2( -160, 100 )

[node name="right_move_up" parent="Buttons" instance=ExtResource( 9 )]
position = Vector2( 160, -100 )

[node name="right_move_down" parent="Buttons" instance=ExtResource( 9 )]
position = Vector2( 160, 100 )
[connection signal="area_entered" from="left" to="left" method="_on_area_entered"]
[connection signal="area_entered" from="right" to="right" method="_on_area_entered"]
[connection signal="area_entered" from="left_wall" to="left_wall" method="_on_wall_area_entered"]
[connection signal="area_entered" from="right_wall" to="right_wall" method="_on_wall_area_entered"]
[connection signal="area_entered" from="ceiling" to="ceiling" method="_on_area_entered"]
[connection signal="area_entered" from="floor" to="floor" method="_on_area_entered"]
